@Book{Marion,
 author = {Stephen T. Thornton, Jerry B. Marion},
 title = {Din{\^a}mica cl{\'{a}}ssica de part{\'i}culas e sistemas},
 publisher = {Cengage Learning},
 year = {2011},
 address = {S{\~a}o Paulo},
 isbn = {8522109060}
 }

 @misc{medeiros_2016, 
 title={Equações Diferenciais - Método de Runge-Kutta}, 
 url={https://cn.ect.ufrn.br/index.php?r=conteudo/edo-rungekutta}, 
 journal={Equações Diferenciais}, 
 publisher={UFRN}, 
 author={Medeiros, Rex}, 
 year={2016}
 }
